
@article{genick_sensitivity_2011,
	title = {Sensitivity of {Genome}-{Wide}-{Association} {Signals} to {Phenotyping} {Strategy}: {The} {PROP}-{TAS}2R38 {Taste} {Association} as a {Benchmark}},
	volume = {6},
	copyright = {All rights reserved},
	issn = {1932-6203},
	shorttitle = {Sensitivity of {Genome}-{Wide}-{Association} {Signals} to {Phenotyping} {Strategy}},
	url = {http://dx.plos.org/10.1371/journal.pone.0027745},
	doi = {10.1371/journal.pone.0027745},
	language = {en},
	number = {11},
	urldate = {2017-12-06},
	journal = {PLoS ONE},
	author = {Genick, Ulrich K. and Kutalik, Zolt{\'a}n and Ledda, Mirko and Souza Destito, Maria C. and Souza, Milena M. and A. Cirillo, Cintia and Godinot, Nicolas and Martin, Nathalie and Morya, Edgard and Sameshima, Koichi and Bergmann, Sven and le Coutre, Johannes},
	editor = {Matsunami, Hiroaki},
	month = nov,
	year = {2011},
	pages = {e27745},
	file = {Genick et al. - 2011 - Sensitivity of Genome-Wide-Association Signals to .pdf:/Users/mledda/Documents/References/Zotero/storage/5WRNCGPA/Genick et al. - 2011 - Sensitivity of Genome-Wide-Association Signals to .pdf:application/pdf}
}

@article{choudhary_metrics_2016,
	title = {Metrics for rapid quality control in {RNA} structure probing experiments},
	volume = {32},
	copyright = {All rights reserved},
	url = {https://academic.oup.com/bioinformatics/article/32/23/3575/2525618},
	doi = {10.1093/bioinformatics/btw501},
	number = {23},
	journal = {Bioinformatics},
	author = {Choudhary, Krishna and Shih, Nathan P. and Deng, Fei and Ledda, Mirko and Li, Bo and Aviran, Sharon},
	year = {2016},
  month = dec,
	pages = {3575--3583},
	file = {Choudhary et al. - 2016 - Metrics for rapid quality control in RNA structure.pdf:/Users/mledda/Documents/References/Zotero/storage/2NMILX9L/Choudhary et al. - 2016 - Metrics for rapid quality control in RNA structure.pdf:application/pdf}
}

@article{deng_rnaprob_2016,
	title = {Data-directed {RNA} secondary structure prediction using probabilistic modeling},
	volume = {22},
	copyright = {All rights reserved},
	issn = {1355-8382, 1469-9001},
	url = {http://rnajournal.cshlp.org/lookup/doi/10.1261/rna.055756.115},
	doi = {10.1261/rna.055756.115},
	language = {en},
	number = {8},
	urldate = {2017-12-06},
	journal = {RNA},
	author = {Deng, Fei and Ledda, Mirko and Vaziri, Sana and Aviran, Sharon},
	month = aug,
	year = {2016},
	pages = {1109--1119},
	file = {Deng et al. - 2016 - Data-directed RNA secondary structure prediction u.pdf:/Users/mledda/Documents/References/Zotero/storage/P3QGR3SR/Deng et al. - 2016 - Data-directed RNA secondary structure prediction u.pdf:application/pdf}
}

@article{rueedi_metabolomics_2014,
	title = {Genome-{Wide} {Association} {Study} of {Metabolic} {Traits} {Reveals} {Novel} {Gene}-{Metabolite}-{Disease} {Links}},
	volume = {10},
	copyright = {All rights reserved},
	issn = {1553-7404},
	url = {http://dx.plos.org/10.1371/journal.pgen.1004132},
	doi = {10.1371/journal.pgen.1004132},
	language = {en},
	number = {2},
	urldate = {2017-12-06},
	journal = {PLoS Genetics},
	author = {Rueedi, Rico and Ledda, Mirko and Nicholls, Andrew W. and Salek, Reza M. and Marques-Vidal, Pedro and Morya, Edgard and Sameshima, Koichi and Montoliu, Ivan and Da Silva, Laeticia and Collino, Sebastiano and Martin, Fran{\c c}ois-Pierre and Rezzi, Serge and Steinbeck, Christoph and Waterworth, Dawn M. and Waeber, G{\'e}rard and Vollenweider, Peter and Beckmann, Jacques S. and Le Coutre, Johannes and Mooser, Vincent and Bergmann, Sven and Genick, Ulrich K. and Kutalik, Zolt{\'a}n},
	editor = {Gibson, Greg},
	month = feb,
	year = {2014},
	pages = {e1004132},
	file = {Rueedi et al. - 2014 - Genome-Wide Association Study of Metabolic Traits .pdf:/Users/mledda/Documents/References/Zotero/storage/UIDVL9JJ/Rueedi et al. - 2014 - Genome-Wide Association Study of Metabolic Traits .pdf:application/pdf}
}

@article{ledda_bitter_2014,
	title = {{GWAS} of human bitter taste perception identifies new loci and reveals additional complexity of bitter taste genetics},
	volume = {23},
	copyright = {All rights reserved},
	issn = {1460-2083, 0964-6906},
	url = {https://academic.oup.com/hmg/article-lookup/doi/10.1093/hmg/ddt404},
	doi = {10.1093/hmg/ddt404},
	language = {en},
	number = {1},
	urldate = {2017-12-06},
	journal = {Human Molecular Genetics},
	author = {Ledda, Mirko and Kutalik, Zolt{\'a}n and Souza Destito, Maria C. and Souza, Milena M. and Cirillo, Cintia A. and Zamboni, Amabilene and Martin, Nathalie and Morya, Edgard and Sameshima, Koichi and Beckmann, Jacques S. and le Coutre, Johannes and Bergmann, Sven and Genick, Ulrich K.},
	month = jan,
	year = {2014},
	pages = {259--267},
	file = {Ledda et al. - 2014 - GWAS of human bitter taste perception identifies n.pdf:/Users/mledda/Documents/References/Zotero/storage/KWHMZHXU/Ledda et al. - 2014 - GWAS of human bitter taste perception identifies n.pdf:application/pdf}
}

@article{michlig_trpchannel_2016,
	title = {Effects of {TRP} channel agonist ingestion on metabolism and autonomic nervous system in a randomized clinical trial of healthy subjects},
	volume = {6},
	copyright = {All rights reserved},
	issn = {2045-2322},
	url = {http://www.nature.com/articles/srep20795},
	doi = {10.1038/srep20795},
	language = {en},
	number = {1},
	urldate = {2017-12-06},
	journal = {Scientific Reports},
	author = {Michlig, St{\'e}phanie and Merlini, Jenny Meylan and Beaumont, Maurice and Ledda, Mirko and Tavenard, Aude and Mukherjee, Rajat and Camacho, Susana and le Coutre, Johannes},
	month = aug,
	year = {2016},
	file = {Michlig et al. - 2016 - Effects of TRP channel agonist ingestion on metabo.pdf:/Users/mledda/Documents/References/Zotero/storage/9T2J6FTE/Michlig et al. - 2016 - Effects of TRP channel agonist ingestion on metabo.pdf:application/pdf}
}

@article{montoliu_metabolome_2013,
	title = {Current status on genome{\textendash}metabolome-wide associations: an opportunity in nutrition research},
	volume = {8},
	copyright = {All rights reserved},
	issn = {1555-8932, 1865-3499},
	shorttitle = {Current status on genome{\textendash}metabolome-wide associations},
	url = {http://link.springer.com/10.1007/s12263-012-0313-7},
	doi = {10.1007/s12263-012-0313-7},
	language = {en},
	number = {1},
	urldate = {2017-12-06},
	journal = {Genes \& Nutrition},
	author = {Montoliu, Ivan and Genick, Ulrich and Ledda, Mirko and Collino, Sebastiano and Martin, Fran{\c c}ois-Pierre and le Coutre, Johannes and Rezzi, Serge},
	month = jan,
	year = {2013},
	pages = {19--27},
	file = {Montoliu et al. - 2013 - Current status on genome{\textendash}metabolome-wide associati.pdf:/Users/mledda/Documents/References/Zotero/storage/3MTZX8LU/Montoliu et al. - 2013 - Current status on genome{\textendash}metabolome-wide associati.pdf:application/pdf}
}

@article{ledda_patterna_2018,
	title = {{PATTERNA}: transcriptome-wide search for functional {RNA} elements via structural data signatures},
	volume = {19},
	copyright = {All rights reserved},
	issn = {1474-760X},
	shorttitle = {{PATTERNA}},
	url = {https://genomebiology.biomedcentral.com/articles/10.1186/s13059-018-1399-z},
	doi = {10.1186/s13059-018-1399-z},
	language = {en},
	number = {28},
	urldate = {2018-03-01},
	journal = {Genome Biology},
	author = {Ledda, Mirko and Aviran, Sharon},
	month = dec,
	year = {2018}
}

@article{radecki_patterna_2018,
  author = {Radecki, Pierce and Ledda, Mirko and Aviran, Sharon},
  title = {Automated Recognition of {RNA} Structure Motifs by Their SHAPE Data Signatures},
  journal = {Genes},
  volume = {9},
  year = {2018},
  month = jun,
  number = {6},
  url = {http://www.mdpi.com/2073-4425/9/6/300},
  issn = {2073-4425},
  doi = {10.3390/genes9060300}
}

@article{godinot_fat_2013,
title = "Activation of tongue-expressed GPR40 and GPR120 by non caloric agonists is not sufficient to drive preference in mice",
journal = "Neuroscience",
volume = "250",
pages = "20 - 30",
year = "2013",
issn = "0306-4522",
doi = "https://doi.org/10.1016/j.neuroscience.2013.06.043",
url = "http://www.sciencedirect.com/science/article/pii/S0306452213005496",
author = "N. Godinot and K. Yasumatsu and M.E. Barcos and N. Pineau and M. Ledda and F. Viton and Y. Ninomiya and J. le Coutre and S. Damak",
month = oct,
}
